<record><leader>00000cas a22000007a 4500</leader><controlfield tag="001">23881845</controlfield><controlfield tag="008">910604d187118uunjudr ne      0    0eng d</controlfield><datafield ind1=" " ind2=" " tag="010"><subfield code="a">sn 91064008 </subfield></datafield><datafield ind1=" " ind2=" " tag="040"><subfield code="a">NJW</subfield><subfield code="b">eng</subfield><subfield code="c">NJW</subfield><subfield code="d">OCLCQ</subfield></datafield><datafield ind1="1" ind2=" " tag="041"><subfield code="a">eng</subfield><subfield code="h">gem</subfield></datafield><datafield ind1="0" ind2=" " tag="130"><subfield code="a">People's paper (Newark, N.J.)</subfield></datafield><datafield ind1="1" ind2="4" tag="245"><subfield code="a">The people's paper.</subfield></datafield><datafield ind1=" " ind2=" " tag="260"><subfield code="a">Newark, N.J. :</subfield><subfield code="b">William B. Guild</subfield></datafield><datafield ind1=" " ind2=" " tag="300"><subfield code="a">v.</subfield></datafield><datafield ind1=" " ind2=" " tag="310"><subfield code="a">Daily</subfield></datafield><datafield ind1="0" ind2=" " tag="362"><subfield code="a">Vol. 1, no. 1 (May 2, 1871)-</subfield></datafield><datafield ind1=" " ind2=" " tag="546"><subfield code="a">English translation of the German original.</subfield></datafield><datafield ind1=" " ind2=" " tag="752"><subfield code="a">United States</subfield><subfield code="b">New Jersey</subfield><subfield code="c">Essex</subfield><subfield code="d">Newark.</subfield></datafield><datafield ind1="1" ind2=" " tag="777"><subfield code="t">New Jersey volksmann</subfield><subfield code="w">(DLC)sn 91064007</subfield></datafield></record>